@article{hoops2006copasi,
  title={COPASI--a complex pathway simulator},
  author={Hoops, Stefan and Sahle, Sven and Gauges, Ralph and Lee, Christine and Pahle, J{\"u}rgen and Simus, Natalia and Singhal, Mudita and Xu, Liang and Mendes, Pedro and Kummer, Ursula},
  journal={Bioinformatics},
  volume={22},
  number={24},
  pages={3067--3074},
  year={2006},
  publisher={Oxford Univ Press}
}
@article{nobile2012gpu,
  title={A GPU-based multi-swarm PSO method for parameter estimation in stochastic biological systems exploiting discrete-time target series},
  author={Nobile, Marco S and Besozzi, Daniela and Cazzaniga, Paolo and Mauri, Giancarlo and Pescini, Dario},
  booktitle={European Conference on Evolutionary Computation, Machine Learning and Data Mining in Bioinformatics},
  pages={74--85},
  year={2012},
  organization={Springer}
}
@article{hoang2013novel,
  title={A novel CPU/GPU simulation environment for large-scale biologically realistic neural modeling},
  author={Hoang, Roger V and Tanna, Devyani and Jayet Bray, Laurence C and Dascalu, Sergiu M and Harris Jr, Frederick C},
  journal={Frontiers in neuroinformatics},
  volume={7},
  pages={19},
  year={2013},
  publisher={Frontiers}
}
@article{murray2012gpu,
  title={GPU acceleration of Runge-Kutta integrators},
  author={Murray, Lawrence},
  journal={IEEE Transactions on Parallel and Distributed Systems},
  volume={23},
  number={1},
  pages={94--101},
  year={2012},
  publisher={IEEE}
}
@article{ay2013short,
  title={Short-lived Her proteins drive robust synchronized oscillations in the zebrafish segmentation clock},
  author={Ay, Ahmet and Knierer, Stephan and Sperlea, Adriana and Holland, Jack and {\"O}zbudak, Ertu{\u{g}}rul M},
  journal={Development},
  volume={140},
  number={15},
  pages={3244--3253},
  year={2013},
  publisher={Oxford University Press for The Company of Biologists Limited}
}
@article{ay2014spatial,
  title={Spatial gradients of protein-level time delays set the pace of the traveling segmentation clock waves},
  author={Ay, Ahmet and Holland, Jack and Sperlea, Adriana and Devakanmalai, Gnanapackiam Sheela and Knierer, Stephan and Sangervasi, Sebastian and Stevenson, Angel and {\"O}zbudak, Ertu{\u{g}}rul M},
  journal={Development},
  volume={141},
  number={21},
  pages={4158--4167},
  year={2014},
  publisher={Oxford University Press for The Company of Biologists Limited}
}
@article{nickolls2008scalable,
  title={Scalable parallel programming with CUDA},
  author={Nickolls, John and Buck, Ian and Garland, Michael and Skadron, Kevin},
  journal={Queue},
  volume={6},
  number={2},
  pages={40--53},
  year={2008},
  publisher={ACM}
}